<record><leader>00000cas a22000007a 4500</leader><controlfield tag="001">19199164</controlfield><controlfield tag="008">890213d19781979aruwr ne      0    0eng d</controlfield><datafield ind1=" " ind2=" " tag="010"><subfield code="a">sn 89051063 </subfield></datafield><datafield ind1=" " ind2=" " tag="040"><subfield code="a">ANU</subfield><subfield code="b">eng</subfield><subfield code="c">ANU</subfield><subfield code="d">OCLCQ</subfield></datafield><datafield ind1=" " ind2=" " tag="042"><subfield code="a">msc</subfield></datafield><datafield ind1="0" ind2="4" tag="245"><subfield code="a">The Saturday editor.</subfield></datafield><datafield ind1=" " ind2=" " tag="260"><subfield code="a">Siloam Springs, Ark. :</subfield><subfield code="b">Guthrie-Stubblefield Enterprises</subfield></datafield><datafield ind1=" " ind2=" " tag="300"><subfield code="a">v.</subfield></datafield><datafield ind1=" " ind2=" " tag="310"><subfield code="a">Weekly</subfield></datafield><datafield ind1="0" ind2=" " tag="362"><subfield code="a">Vol. 1, no 1 [July 15, 1978]-v. 1, no. 29 (Jan. 27, 1979).</subfield></datafield><datafield ind1=" " ind2=" " tag="752"><subfield code="a">United States</subfield><subfield code="b">Arkansas</subfield><subfield code="c">Benton</subfield><subfield code="d">Siloam Springs.</subfield></datafield><datafield ind1="0" ind2="0" tag="785"><subfield code="t">Siloam editor</subfield><subfield code="w">(DLC)sn 89051064</subfield></datafield></record>